@article{Pechmann1989,
  title={Incremental speech production and referential overspecification},
  author={Pechmann, Thomas},
  journal={Linguistics},
  volume={27},
  number={1},
  pages={89--110},
  year={1989},
  publisher={Walter de Gruyter, Berlin/New York}
}
@article{Sedivy2003,
  title={Pragmatic versus form-based accounts of referential contrast: Evidence for effects of informativity expectations},
  author={Sedivy, Julie C},
  journal={Journal of Psycholinguistic Research},
  volume={32},
  number={1},
  pages={3--23},
  year={2003},
  publisher={Springer},
  doi={10.1023/A:1021928914454}
}
@inproceedings{GattEtAl2011,
  title={Non-deterministic attribute selection in reference production},
  author={Gatt, Albert and van Gompel, Roger PG and Krahmer, Emiel and van Deemter, Kees},
  year={2011},
  booktitle={{Proceedings of the Workshop on Production of Referring Expressions}},
}
@article{RubioFernandez2016,
  title={How redundant are redundant color adjectives? An efficiency-based analysis of color overspecification},
  author={Rubio-Fernandez, Paula},
  journal={Frontiers in Psychology},
  volume={7},
  pages={153},
  year={2016},
  publisher={Frontiers},
  doi={10.3389/fpsyg.2016.00153}
}
@article{DegenEtAl2020,
  title={When redundancy is useful: A Bayesian approach to “overinformative” referring expressions},
  author={Degen, Judith and Hawkins, Robert D and Graf, Caroline and Kreiss, Elisa and Goodman, Noah D},
  journal={Psychological Review},
  year={2020},
  publisher={American Psychological Association},
  doi={10.1037/rev0000186}
}
@article{DaviesKatsos2013,
  title={Are speakers and listeners ‘only moderately Gricean’? An empirical response to Engelhardt et al.(2006)},
  author={Davies, Catherine and Katsos, Napoleon},
  journal={Journal of Pragmatics},
  volume={49},
  number={1},
  pages={78--106},
  year={2013},
  publisher={Elsevier},
  doi={10.1016/j.pragma.2013.01.004}
}
@article{KoolenEtAl2013,
  title={The effect of scene variation on the redundant use of color in definite reference},
  author={Koolen, Ruud and Goudbeek, Martijn and Krahmer, Emiel},
  journal={Cognitive Science},
  volume={37},
  number={2},
  pages={395--411},
  year={2013},
  publisher={Wiley Online Library},
  doi={10.1111/cogs.12019}
}
@article{WesterbeekEtAl2015,
  title={Stored object knowledge and the production of referring expressions: The case of color typicality},
  author={Westerbeek, Hans and Koolen, Ruud and Maes, Alfons},
  journal={Frontiers in Psychology},
  volume={6},
  pages={935},
  year={2015},
  publisher={Frontiers},
  doi={10.3389/fpsyg.2015.00935}
}
@inproceedings{Mitchell2013,
  title={Typicality and object reference},
  author={Mitchell, Margaret and Reiter, Ehud and Van Deemter, Kees},
  booktitle={{Proceedings of the Annual Meeting of the Cognitive Science Society}},
  volume={35},
  number={35},
  year={2013}
}
@article{RubioEtAl2019,
  title={Contrastive inferences are sensitive to informativity expectations, adjective semantics and visual salience},
  author={Rubio-Fernandez, Paula and Terrasa, Helena Aparicio and Shukla, Vishakha and Jara-Ettinger, Julian},
  year={2019},
  journal={PsyArXiv},
  doi={10.31234/osf.io/mr4ah}
}
@article{Taranskeen2015,
  title={Overspecification of color, pattern, and size: salience, absoluteness, and consistency},
  author={Tarenskeen, Sammie and Broersma, Mirjam and Geurts, Bart},
  journal={Frontiers in Psychology},
  volume={6},
  pages={1703},
  year={2015},
  publisher={Frontiers},
  doi={10.3389/fpsyg.2015.01703}
}
@incollection{AparicioEtAl2018,
  title={Perceived informativity and referential effects of contrast in adjectivally modified NPs},
  author={Aparicio, Helena and Kennedy, Christopher and Xiang, Ming},
  booktitle={The Semantics of Gradability, Vagueness, and Scale Structure},
  pages={199--220},
  year={2018},
  publisher={Springer},
}
@article{ViethenEtAl2017,
  title={Color in reference production: the role of color similarity and color codability},
  author={Viethen, Jette and van Vessem, Thomas and Goudbeek, Martijn and Krahmer, Emiel},
  journal={Cognitive Science},
  volume={41},
  pages={1493--1514},
  year={2017},
  publisher={Wiley Online Library},
  doi={10.1111/cogs.12387}
}
@article{Goodman2016,
  title={Pragmatic language interpretation as probabilistic inference},
  author={Goodman, Noah D and Frank, Michael C},
  journal={Trends in Cognitive Sciences},
  volume={20},
  number={11},
  pages={818--829},
  year={2016},
  publisher={Elsevier},
  doi={10.1016/j.tics.2016.08.005}
}
@article{Hawkins2015,
  title={Conducting real-time multiplayer experiments on the web},
  author={Hawkins, Robert XD},
  journal={Behavior Research Methods},
  volume={47},
  number={4},
  pages={966--976},
  year={2015},
  publisher={Springer},
  doi={10.3758/s13428-014-0515-6}
}
@article{Arnold2008,
  title={Reference production: Production-internal and addressee-oriented processes},
  author={Arnold, Jennifer E},
  journal={Language and Cognitive Processes},
  volume={23},
  number={4},
  pages={495--527},
  year={2008},
  publisher={Taylor \& Francis},
  doi={10.1080/01690960801920099}
}
@article{FussellKraus1989a,
  title={The effects of intended audience on message production and comprehension: Reference in a common ground framework},
  author={Fussell, Susan R and Krauss, Robert M},
  journal={Journal of Experimental Social Psychology},
  volume={25},
  number={3},
  pages={203--219},
  year={1989},
  publisher={Elsevier},
  doi={10.1016/0022-1031(89)90019-X}
}
@article{ArtsEtAl2011,
  title={Overspecification facilitates object identification},
  author={Arts, Anja and Maes, Alfons and Noordman, Leo and Jansen, Carel},
  journal={Journal of Pragmatics},
  volume={43},
  number={1},
  pages={361--374},
  year={2011},
  publisher={Elsevier},
  doi={10.1016/j.pragma.2010.07.013}
}
@article{EttingerFernandez2020,
  title={The social basis of referential communication: Speakers construct reference based on listeners' expected visual search.},
  author={Jara-Ettinger, Julian and Rubio-Fernandez, Paula},
  year={2020},
  publisher={PsyArXiv},
  doi={10.31234/osf.io/fzuvh}
}
@article{Sedivy2005,
  title={17 Evaluating Explanations for Referential Context Effects: Evidence for Cricean Mechanisms in Online Language Interpretation},
  author={Sedivy, Julie C},
  journal={Approaches to Studying World-Situated Language Use: Bridging the Language-as-Product and Language-as-Action Traditions},
  pages={345},
  year={2005},
  publisher={MIT Press}
}
@article{Rehrig2021,
  title={When more is more: Redundant modifiers can facilitate visual search},
  author={Rehrig, Gwendolyn and Cullimore, Reese A and Henderson, John M and Ferreira, Fernanda},
  journal={Cognitive Research: Principles and Implications},
  volume={6},
  number={1},
  pages={1--20},
  year={2021},
  publisher={Springer}
}

@article{Rubio2020,
  title={Speakers and listeners exploit word order for communicative efficiency: A cross-linguistic investigation.},
  author={Rubio-Fernandez, Paula and Mollica, Francis and Jara-Ettinger, Julian},
  journal={Journal of Experimental Psychology: General},
  year={2020},
  publisher={American Psychological Association},
  doi={10.31234/osf.io/qaj9m}
}

@article{WuGibson2021,
  title={Word Order Predicts Cross-Linguistic Differences in the Production of Redundant Color and Number Modifiers},
  author={Wu, Sarah A and Gibson, Edward},
  journal={Cognitive Science},
  volume={45},
  number={1},
  pages={e12934},
  year={2021},
  publisher={Wiley Online Library},
  doi={10.1111/cogs.12934}
}

@article{WaldonDegen2021,
  title={Modeling cross-linguistic production of referring expressions},
  author={Waldon, Brandon and Degen, Judith},
  journal={Proceedings of the Society for Computation in Linguistics},
  volume={4},
  number={1},
  pages={206--215},
  year={2021},
  doi={10.7275/vsfn-t057}
}

@article{CohnGordon2018,
  title={An incremental iterated response model of pragmatics},
  author={Cohn-Gordon, Reuben and Goodman, Noah D and Potts, Christopher},
  journal={{Proceedings of the Society for Computation in Linguistics}},
  volume={2},
  number={1},
  year={2018}
}

@article{Bock1987,
  title={Exploring levels of processing in sentence production},
  author={Bock, Kathryn},
  booktitle={Natural language generation},
  pages={351--363},
  year={1987},
  publisher={Springer},
  journal={Journal of Memory and Language}
}
@article{FerreiraDell2000,
  title={Effect of ambiguity and lexical availability on syntactic and lexical production},
  author={Ferreira, Victor S and Dell, Gary S},
  journal={Cognitive Psychology},
  volume={40},
  number={4},
  pages={296--340},
  year={2000},
  publisher={Elsevier},
  doi={10.1006/cogp.1999.0730}
}